@inbook{kaper-2013-math-ac-equilibrium,
  author          = {Hans G. Kaper and Hans Engler},
  title           = {Mathematics and Climate},
  year            = {2013},
  chapter         = {Earth's Energy Budget},
  pages           = {16},
  note            = {Basic Model}
}

@inbook{kaper-2013-math-ac-emissivity,
  author          = {Hans G. Kaper and Hans Engler},
  title           = {Mathematics and Climate},
  year            = {2013},
  chapter         = {Earth's Energy Budget},
  pages           = {17-18},
  note            = {Greenhouse Effect}
}

@inbook{kaper-2013-math-ac-albedo,
  author          = {Hans G. Kaper and Hans Engler},
  title           = {Mathematics and Climate},
  year            = {2013},
  chapter         = {Earth's Energy Budget},
  pages           = {18-19},
  note            = {Multiple Equilibria}
}

@inbook{kaper-2013-math-ac-budyko,
  author          = {Hans G. Kaper and Hans Engler},
  title           = {Mathematics and Climate},
  year            = {2013},
  chapter         = {Earth's Energy Budget},
  pages           = {19-20},
  note            = {Budyko's Model}
}